@misc{matthes2020ase,
	author = {Florian Matthes},
	institution = {Technische Universit채t M체nchen},
	title = {Lecture Material: Advanced Topics of Software Engineering},
	year = {2021}
}

@misc{pretschner2022requirements,
	author = {Alexander Pretschner},
	institution = {Technische Universit채t M체nchen},
	title = {Lecture Material: Requirements Engineering},
	year = {2022}
}

@article{knilling2020priorisierung,
	title={Priorisierung von Quelltextduplikaten in Testcode durch die Kombination von Clone-Detection und testspezifischer Coverage.},
	author={Knilling, Stefan and Rott, Jakob and Haas, Roman},
	journal={Softwaretechnik-Trends},
	volume={40},
	number={2},
	pages={7--8},
	year={2020}
}

